<record><leader>00000cas a22000007a 4500</leader><controlfield tag="001">14635185</controlfield><controlfield tag="008">861104d19321972wiudn ne      0    0eng d</controlfield><datafield ind1=" " ind2=" " tag="010"><subfield code="a">sn 86086761 </subfield></datafield><datafield ind1=" " ind2=" " tag="040"><subfield code="a">NPV</subfield><subfield code="b">eng</subfield><subfield code="c">NPV</subfield><subfield code="d">CRL</subfield><subfield code="d">OCLCQ</subfield><subfield code="d">OCLCF</subfield><subfield code="d">OCLCO</subfield></datafield><datafield ind1="1" ind2=" " tag="029"><subfield code="a">AU@</subfield><subfield code="b">000020425741</subfield></datafield><datafield ind1=" " ind2=" " tag="042"><subfield code="a">msc</subfield></datafield><datafield ind1=" " ind2=" " tag="043"><subfield code="a">n-us-wi</subfield></datafield><datafield ind1="0" ind2="4" tag="245"><subfield code="a">The Manitowoc herald-times.</subfield></datafield><datafield ind1=" " ind2=" " tag="260"><subfield code="a">Manitowoc, Wis. :</subfield><subfield code="b">Manitowoc Newspapers, Inc.,</subfield><subfield code="c">1932-1972.</subfield></datafield><datafield ind1=" " ind2=" " tag="300"><subfield code="a">42 v.</subfield></datafield><datafield ind1=" " ind2=" " tag="310"><subfield code="a">Daily (except Sun.)</subfield></datafield><datafield ind1="0" ind2=" " tag="362"><subfield code="a">Vol. 34, no. 166 (May 2, 1932)-v. 75, no. 130 (Dec. 30, 1972).</subfield></datafield><datafield ind1=" " ind2=" " tag="530"><subfield code="a">Also issued on microfilm from the State Historical Society of Wisconsin.</subfield></datafield><datafield ind1=" " ind2="0" tag="651"><subfield code="a">Manitowoc (Wis.)</subfield><subfield code="v">Newspapers.</subfield></datafield><datafield ind1=" " ind2="7" tag="655"><subfield code="a">Newspapers.</subfield><subfield code="2">fast</subfield><subfield code="0">(OCoLC)fst01423814</subfield></datafield><datafield ind1=" " ind2="7" tag="651"><subfield code="a">Wisconsin</subfield><subfield code="z">Manitowoc.</subfield><subfield code="2">fast</subfield><subfield code="0">(OCoLC)fst01225415</subfield></datafield><datafield ind1=" " ind2=" " tag="752"><subfield code="a">United States</subfield><subfield code="b">Wisconsin</subfield><subfield code="c">Manitowoc</subfield><subfield code="d">Manitowoc.</subfield></datafield><datafield ind1=" " ind2=" " tag="752"><subfield code="a">United States</subfield><subfield code="b">Wisconsin</subfield><subfield code="c">Manitowoc</subfield><subfield code="d">Two Rivers.</subfield></datafield><datafield ind1="0" ind2="4" tag="780"><subfield code="t">Evening times (Manitowoc, Wis.)</subfield><subfield code="w">(DLC)sn 86086720</subfield><subfield code="w">(OCoLC)14404509</subfield></datafield><datafield ind1="0" ind2="4" tag="780"><subfield code="t">Manitowoc herald-news</subfield><subfield code="w">(DLC)sn 86086760</subfield><subfield code="w">(OCoLC)14635175</subfield></datafield><datafield ind1="0" ind2="7" tag="785"><subfield code="t">Two Rivers reporter (Two Rivers, Wis. : 1935 : Daily)</subfield><subfield code="w">(DLC)sn 86072138</subfield><subfield code="w">(OCoLC)14815509</subfield></datafield><datafield ind1="0" ind2="7" tag="785"><subfield code="t">Herald-times-reporter</subfield><subfield code="w">(DLC)sn 86086765</subfield><subfield code="w">(OCoLC)14686800</subfield></datafield></record>